<record><leader>00000cas a22000007a 4500</leader><controlfield tag="001">15045197</controlfield><controlfield tag="008">870108d18651868lauwr ne      0    0fre d</controlfield><datafield ind1=" " ind2=" " tag="010"><subfield code="a">sn 86090540 </subfield></datafield><datafield ind1=" " ind2=" " tag="040"><subfield code="a">PPM</subfield><subfield code="b">eng</subfield><subfield code="c">PPM</subfield><subfield code="d">LNP</subfield><subfield code="d">OCLCQ</subfield></datafield><datafield ind1="0" ind2=" " tag="041"><subfield code="a">freeng</subfield></datafield><datafield ind1=" " ind2=" " tag="042"><subfield code="a">msc</subfield></datafield><datafield ind1="0" ind2=" " tag="130"><subfield code="a">Boussole (Napoleonville, La. : 1865)</subfield></datafield><datafield ind1="1" ind2="3" tag="245"><subfield code="a">La boussole.</subfield></datafield><datafield ind1=" " ind2=" " tag="260"><subfield code="a">Bureaux :</subfield><subfield code="b">Greffe de l'Assomption [i.e. Napoleonville, La.] :</subfield><subfield code="b">E. Supervielle</subfield></datafield><datafield ind1=" " ind2=" " tag="300"><subfield code="a">v. ;</subfield><subfield code="c">53 cm.</subfield></datafield><datafield ind1=" " ind2=" " tag="310"><subfield code="a">Weekly</subfield></datafield><datafield ind1="1" ind2=" " tag="362"><subfield code="a">Began in 1865; ceased in 1868?</subfield></datafield><datafield ind1=" " ind2=" " tag="500"><subfield code="a">"Journal officiel de la paroisse Assomption."</subfield></datafield><datafield ind1=" " ind2=" " tag="500"><subfield code="a">Published with an additional masthead in English: The boussole, 1867-</subfield></datafield><datafield ind1=" " ind2=" " tag="525"><subfield code="a">Includes occasional supplements.</subfield></datafield><datafield ind1=" " ind2=" " tag="546"><subfield code="a">In French with some notices in English, 1865-1866. In French and English, 1867-</subfield></datafield><datafield ind1=" " ind2=" " tag="580"><subfield code="a">Issued with Le drapeau (Donaldsonville, La. : 1865), 1865-1866.</subfield></datafield><datafield ind1=" " ind2=" " tag="588"><subfield code="a">Description based on: Vol. 1, no. 6 (28 oct. 1865).</subfield></datafield><datafield ind1=" " ind2=" " tag="752"><subfield code="a">United States</subfield><subfield code="b">Louisiana</subfield><subfield code="c">Assumption</subfield><subfield code="d">Napoleonville.</subfield></datafield><datafield ind1="1" ind2=" " tag="777"><subfield code="t">Drapeau (Donaldsonville, La. : 1865)</subfield><subfield code="w">(DLC)sn 86090539</subfield></datafield></record>